<record><leader>00000cas a2200000 a 4500</leader><controlfield tag="001">17319982</controlfield><controlfield tag="008">880108c19739999wauwr ne      0   a0eng d</controlfield><datafield ind1=" " ind2=" " tag="010"><subfield code="a">sn 88085095 </subfield></datafield><datafield ind1=" " ind2=" " tag="040"><subfield code="a">SLZ</subfield><subfield code="b">eng</subfield><subfield code="c">SLZ</subfield><subfield code="d">NSD</subfield><subfield code="d">OCLCQ</subfield><subfield code="d">OCLCF</subfield><subfield code="d">OCLCO</subfield></datafield><datafield ind1=" " ind2=" " tag="012"><subfield code="l">1</subfield><subfield code="m">1</subfield></datafield><datafield ind1="1" ind2=" " tag="022"><subfield code="a">1064-2617</subfield><subfield code="l">1064-2617</subfield><subfield code="2">1</subfield></datafield><datafield ind1="1" ind2=" " tag="029"><subfield code="a">AU@</subfield><subfield code="b">000025809758</subfield></datafield><datafield ind1=" " ind2=" " tag="032"><subfield code="a">408300</subfield><subfield code="b">USPS</subfield></datafield><datafield ind1=" " ind2=" " tag="037"><subfield code="b">The Chronicle, Box 553, Oamk, WA 98841</subfield></datafield><datafield ind1=" " ind2=" " tag="042"><subfield code="a">msc</subfield><subfield code="a">nsdp</subfield></datafield><datafield ind1=" " ind2=" " tag="043"><subfield code="a">n-us-wa</subfield></datafield><datafield ind1=" " ind2="4" tag="222"><subfield code="a">The Omak-Okanogan County chronicle</subfield></datafield><datafield ind1="0" ind2="4" tag="245"><subfield code="a">The Omak-Okanogan County chronicle.</subfield></datafield><datafield ind1="3" ind2="0" tag="246"><subfield code="a">Chronicle</subfield></datafield><datafield ind1="1" ind2="7" tag="246"><subfield code="a">Chronicle (Omak, WA)</subfield></datafield><datafield ind1=" " ind2=" " tag="260"><subfield code="a">Omak, Wash. :</subfield><subfield code="b">Omak-Okanogan County Chronicle</subfield></datafield><datafield ind1=" " ind2=" " tag="300"><subfield code="a">v.</subfield></datafield><datafield ind1=" " ind2=" " tag="310"><subfield code="a">Weekly</subfield></datafield><datafield ind1="0" ind2=" " tag="362"><subfield code="a">Vol. 63, no. 25 (Feb. 1, 1973)-</subfield></datafield><datafield ind1=" " ind2=" " tag="588"><subfield code="a">Latest issue consulted: Vol. 83, no. 9 (July 8, 1992).</subfield></datafield><datafield ind1=" " ind2="0" tag="651"><subfield code="a">Omak (Wash.)</subfield><subfield code="v">Newspapers.</subfield></datafield><datafield ind1=" " ind2="7" tag="655"><subfield code="a">Newspapers.</subfield><subfield code="2">fast</subfield><subfield code="0">(OCoLC)fst01423814</subfield></datafield><datafield ind1=" " ind2="7" tag="651"><subfield code="a">Washington (State)</subfield><subfield code="z">Omak.</subfield><subfield code="2">fast</subfield><subfield code="0">(OCoLC)fst01227551</subfield></datafield><datafield ind1=" " ind2=" " tag="752"><subfield code="a">United States</subfield><subfield code="b">Washington</subfield><subfield code="c">Okanogan</subfield><subfield code="d">Omak.</subfield></datafield><datafield ind1="0" ind2="0" tag="780"><subfield code="t">Omak chronicle</subfield><subfield code="w">(DLC)sn 88085094</subfield></datafield></record>